% Encoding: UTF-8
############# IMAGES ########################
@image{maj2016witcherMaterial,
	author = {Maj, Jacek},
	title = {The Witcher 3 Architectural Material},
	year = {2016},
	urldate = {2018-06-07},
	url = {https://www.artstation.com/artwork/keXwn},
}
@image{noguer2016layerHydrant,
	author = {Noguer, Jeremie},
	title = {The Next Frontier of Texturing Workflows},
	year = {2016},
	month = {04},
	urldate = {2018-06-08},
	url = {https://www.allegorithmic.com/blog/next-frontier-texturing-workflows}
}

@image{crumpler2016Gears,
	author =   {Crumpler, Clinton},
	title =    {Gears of War 4: DLC Content},
	howpublished = {\url{https://www.artstation.com/artwork/4dEOl}},
	year = {2016},
	month = {09},
}

@image{frick2011channelPack,
	title = 	{Channel Packing},
	author = 	{Frick, Tor},
	year =		{2011},
	url = 	{http://polycount.com/discussion/89682/an-exercise-in-modular-textures-scifi-lab-udk},
	urldate = 	{2018-06-06}
}

@image{wilson2018ue,
	author       = {Wilson, Jeff},
	title        = {Unreal Engine 4.19 Released!},
	date         = {2018-03-14},
	url          = {https://www.unrealengine.com/en-US/blog/unreal-engine-4-19-released},
	month        = {03},
	urldate      = {2018-10-28},
	day          = {14},
	hyphenation  = {english},
}

@image{allegorithmic2016matlay,
	author = {{Allegorithmic}},
	title = {Material Layering - UE4 shader},
	year = {2016},
	url = {https://share.allegorithmic.com/libraries/2125},
	urldate = {2018-11-14},
	hyphenation={english}
}

@image{epicimage2018soul,
	author =   {{Epic Games, Inc.}},
	title =    {Soul: City},
	url = {https://www.unrealengine.com/marketplace/soul-city},
	year = {2018},
	urldate = {2018-11-14},
	month = {01},
	day = {23}
}


################## YOUTUBE ###################
@video{soultechdemo2014,
	title = {Soul TechDemo},
	author = {{Epic Games, Inc.}},
	year = {2014},
	month = {04},
	urldate = {2018-10-10},
	organization = {Youtube},	
	url = {https://www.youtube.com/watch?v=jzGRbGb-fog},
	hyphenation={english}

}

@video{unreal2018materialLayering,
	title = {4.19 Material Layers Preview},
	author = {Bott, Amanda and Willard, Alan and Ridge, Lauren and Bunner, Chris},
	year = {2018},
	month = {02},
	day = {15},
	urldate = {2018-03-26},
	organization = {Youtube},	
	url = {https://www.youtube.com/watch?v=2dfkedfW1yI&t=1674s},
	hyphenation={english}
}

@video{unreal2017materialLayering,
	title = {GDC 2017: Substance Pipeline and Toolset for Paragon Heroes},
	author = {Smith, Brad},
	year = {2017},
	month = {03},
	day = {22},
	vanue = {San Francisco},
	urldate = {2018-11-10},
	organization = {Youtube},	
	url = {https://www.youtube.com/watch?v=MmJrH2n1_bI},
	hyphenation={english}
}

@video{unreal2018showcasing,
	title = {Showcasing Unreal's New Material Layering System },
	author = {Bott, Amanda and Willard, Alan and Ridge, Lauren and Bunner, Chris},
	year = {2018},
	month = {02},
	day = {15},
	urldate = {2018-04-20},
	organization = {Youtube},
	url = {https://www.youtube.com/watch?v=2dfkedfW1yI&t=1674s},
	hyphenation={english}
}

@video{belcour2018youtube,
	title = {Efficient Rendering of Layered Materials using an Atomic Decomposition with Statistical Operators},
	author = {Belcour, Laurent},
	year = {2018},
	month = {05},
	day = {07},
	organization = {Youtube},
	url = {https://www.youtube.com/watch?v=wM5E-NJtaug&feature=youtu.be},
}

@video{moore2017pipeline,
	title = {Paragon Character Texturing Pipeline},
	date = {2017},
	organization = {{Epic Games, Inc.}},
	author = {Moore, Harrison},
	venue = {Montreal},
	url = {https://www.youtube.com/watch?v=nVes6OUyzdw}
}

################### VIDEOS ##########################

@video{olguin2015substance,
	title={Substance Designer Texture Creation with Rogelio Olguin},
	author={Olguin, Rogelio},
	howpublished={Subscription und Digital Download},
	year={2015},
	url={http://www.thegnomonworkshop.com/store/product/1149/\/\#.VoP4lhUrKM9},
	urldate={2018-01-28},
	hyphenation={english},
}

@video{price2018ai,
	author       	= {Price, Andrew},
	title        	= {The Next Leap: How A.I. will change the 3D industry},
	year         	= {2018},
	howpublished 	= {Blender Conference},
	venue			= {Amsterdam},
	month        	= {10},
	url          	= {https://www.youtube.com/watch?v=FlgLxSLsYWQ&t=1521s},
	day          	= {25},
	hyphenation  	= {english},
}

