% Encoding: UTF-8
########## Webseiten ##############################
@online{wes2018comprehensivevol1,
	author       = {McDermott, Wes},
	title        = {The PBR Guide by Allegorithmic - vol. 1},
	howpublished = {Allegorithmics Webseite},
	year 		 = {2018},
	month 		 = {4},
	day 		 = {1},
	url 		 = {https://www.allegorithmic.com/pbr-guide},
	urldate		 = {2018-01-21},
	hyphenation={english}
}

@online{wes2018comprehensivevol2,
	author       = {McDermott, Wes},
	title        = {The PBR Guide by Allegorithmic - vol. 2},
	howpublished = {Allegorithmics Webseite},
	year 		 = {2018},
	month 		 = {4},
	day 		 = {1},
	url 		 = {https://www.allegorithmic.com/pbr-guide},
	urldate		 = {2018-01-21},
	hyphenation={english}
}


@online{wilson2015physically,
	author       = {Wilson, Joe},
	title        = {Physically-Based Rendering, And You Can Too!},
	howpublished = {Marmoset Webseite},
	year 		 = {2015},
	moth 		 = {10},
	day 		 = {1},
	url={https://www.marmoset.co/posts/physically-based-rendering-and-you-can-too/},
	urldate={2018-03-04},
	hyphenation={english}
}


@online{morten2015ultimatetrim,
	author       = {Olsen, Morten},
	title        = {The Ultimate Trim},
	subtitle	 = {texturing techniques of Sunset Overdrive},
	year 		 = {2015},
	howpublished = {GDC Vault Webseite},
	url			 = {https://www.gdcvault.com/play/1022324/The-Ultimate-Trim-Texturing-Techniques},
	urldate={2018-01-28},
	hyphenation={english}
}

@online{brown2015starcitizen,
	author       = {Brown, Alistair},
	title        = {Visual Effects in Star Citizen},
	year 		 = {2015},
	howpublished = {GDC Vault Webseite},
	url={http://twvideo01.ubm-us.net/o1/vault/gdc2015/presentations/Brown_Alistair_VisualEffectsIn.pdf},
	urldate={2018-01-28},
	hyphenation={english}
}
@online{oculus2017bestpracticen,
	author       = {{Oculus VR, LLC.}},
	title        = {Oculus Best Practices},
	year 		 = {2017},
	url 		 = {https://static.oculus.com/documentation/pdfs/intro-vr/latest/bp.pdf},
	urldate 	 = {2018-02-10},
	hyphenation={english}
}



@online{blender2017bsdf,
	author       = {{Blender Foundation}},
	title        = {Principled BSDF},
	year 		 = {2018},
	url={https://docs.blender.org/manual/en/dev/render/cycles/nodes/types/shaders/principled.html},
	urldate		= {2018-05-12},
	hyphenation={english}
}

@online{oculus2017bestPractice,
	author = {{ Oculus VR}},
	title = {Oculus Best Practices},
	year = {2017},
	url = {https://static.oculus.com/documentation/pdfs/intro-vr/latest/bp.pdf},
	urldate = {2018-03-10},
	hyphenation={english}
}



@online{ wiki2018Surface,
	author = {{Wikipedia contributors}},
	title = {Surface --- Wikipedia{,} The Free Encyclopedia},
	year = {2018},
	url = {https://en.wikipedia.org/w/index.php?title=Surface&oldid=829717466},
	urldate = {2018-03-10},
	hyphenation={english}
}

@online{ wiki2018BxDF,
	author = {{Wikipedia contributors}},
	title = {Bidirectional scattering distribution function},
	year = {2018},
	url = {https://en.wikipedia.org/wiki/Bidirectional_scattering_distribution_function},
	urldate = {2018-03-10},
	hyphenation={english}
}



@online{ wiki2018LookupTable,
	author = {{Wikipedia contributors}},
	title = {Lookup table --- Wikipedia{,} The Free Encyclopedia},
	year = {2018},
	url = {https://en.wikipedia.org/wiki/Lookup_table},
	urldate = {2018-11-04},
	hyphenation={english}
}

@Online{allegorithmic2015LayeredMats,
	author      = {{Allegorithmic}},
	title       = {Dynamic Material Layering},
	date        = {2018-06-12},
	url         = {https://support.allegorithmic.com/documentation/display/SPDOC/Dynamic+Material+Layering},
	urldate     = {2018-03-10},
	hyphenation = {english},
}




@online{unity2017photogrammetryLayered,
	author = {Lachambre, Sébastien and Legarde, Sébastien},
	year = {2017},
	moth = {09},
	day = {27},
	title = {Photogrammetry Workflow Layered shader},
	url = {https://unity3d.com/files/solutions/photogrammetry/Unity-Photogrammetry-Workflow-Layered-Shader_v2.pdf},
	urldate = {2018-10-23},
	hyphenation={english}
}



@online{pesare2017material,
	author = {Pesare, Davide},
	year = {2017},
	moth = {10},
	day = {16},
	title = {MATERIAL LAYERING},
	url ={https://dakrunch.blogspot.co.at/2017/10/material-layering.html},
	urldate = {2018-05-05},
	hyphenation={english}
}

@online{epic2018RealTimeRayTracing,
	author = {{Epic Games, Inc.}},
	title ={Epic Games Demonstrates Real-Time Ray Tracing in Engine 4 with ILMxLAB and NVIDIA},
	year = {2018},
	month = {03},
	day = {21},
	url={https://www.unrealengine.com/en-US/blog/epic-games-demonstrates-real-time-ray-tracing-in-unreal-engine-4-with-ilmxlab-and-nvidia?sessionInvalidated=true},
	urldate = {2018-05-10},
	hyphenation={english}
}



@online{oxford2018dictionary,
	author = {{Oxford University Press}},
	title = {surface},
	year = {2018},
	url = {https://en.oxforddictionaries.com/definition/surface},
	urldate = {2018-06-01},
	hyphenation={english}
}
@online{seymour2018StateOfUe,
	author = {Seymour, Mike},
	title = {Epic’s State of Unreal + Virtual Human: GDC Day 2: Part 1},
	year = {2018},
	month = {03},
	url = {https://www.fxguide.com/featured/epics-state-of-unreal-virtual-human-gdc-day-2-part-1/},
	urldate = {2018-06-10},
	hyphenation={english}
}

@online{legarde2018photogrammetry,
	author = {Legarde, Sebastien},
	title = {Photogrammetry in Unity: Making Real-World Objects into Digital Assets},
	year = {2018},
	month = {03},
	day = {12},
	url = {https://blogs.unity3d.com/2018/03/12/photogrammetry-in-unity-making-real-world-objects-into-digital-assets/},
	urldate = {2018-11-14},
	hyphenation={english}
}


@online{allegorithmic2017hydrant,
	author = {{Allegorithmic}},
	title = {Substance Painter - Fire Hydrant},
	year = {2017},
	url = {https://share.allegorithmic.com/libraries/2890},
	urldate = {2018-11-19},
	hyphenation={english}
}



@Online{cooper2018visualEditor,
	author       = {Cooper, Tim},
	title        = {Introduction to Shader Graph: Build your shaders with a visual editor},
	date         = {2018-02-27},
	url          = {https://blogs.unity3d.com/2018/02/27/introduction-to-shader-graph-build-your-shaders-with-a-visual-editor/},
	month        = {02},
	urldate      = {2018-01-28},
	day          = {27},
	howpublished = {\url{https://blogs.unity3d.com/2018/02/27/introduction-to-shader-graph-build-your-shaders-with-a-visual-editor/}},
	hyphenation  = {english},
}
@online{caron2014,
	author = {Caron, Jack},
	title = {Normal Map Blending in Unreal Engine 4},
	year = {2014},
	month = {11},
	day = {15},
	url = {http://www.jackcaron.com/techart/2014/11/14/ue4-normal-blending},
	urldate = {2018-11-15},
	hyphenation={english}
}



