% Encoding: UTF-8
############## Unity Documentation 

@online{unity2017textureShaderMat,
	author = {{Unity Technologies}},
	year = {2017},
	moth = {10},
	title = {Materials, Shaders and Textures},
	url = {https://docs.unity3d.com/2018.1/Documentation/Manual/Shaders.html},
	urldate = {2018-03-10},
	hyphenation={english}
}

@online{unity2017ShaderLanguague,
	author = {{Unity Technologies}},
	year = {2018},
	moth = {10},
	title = {Shading Language used in Unity},
	url = {https://docs.unity3d.com/Manual/SL-ShadingLanguage.html},
	urldate = {2018-10-24},
	hyphenation={english}
}

#Unity Documentation
@online{unity2018Hlsl,
	author = {{Unity Technologies}},
	title = {Accessing shader properties in Cg/HLSL},
	year  = {2018},
	url={https://docs.unity3d.com/Manual/SL-PropertiesInPrograms.html},
	urldate = {2018-06-01},
	hyphenation={english}
}


################## Epic Documentation ###################


@online{epic2015LayeredMats,
	author = {{Epic Games, Inc.}},
	title = {Layered Materials},
	year = {2015},
	url = {https://docs.unrealengine.com/en-us/Engine/Rendering/Materials/LayeredMaterials},
	urldate = {2018-03-10},
	hyphenation={english}
}
@online{epic2015supportsettings,
	author = {{Epic Games, Inc.}},
	title = {Texture Support and Settings},
	year = {2018},
	url = {https://docs.unrealengine.com/en-us/Engine/Content/Types/Textures/SupportAndSettings},
	urldate = {2018-11-10},
	hyphenation={english}
}


@online{epic2015materialLayers,
	author = {{Epic Games, Inc.}},
	title = {Material Layers},
	year = {2018},
	url = {https://docs.unrealengine.com/en-US/Engine/Rendering/Materials/MaterialLayers},
	urldate = {2018-11-15},
	hyphenation={english}
}

@Online{epic2018shader,
	author      = {{Epic Games, Inc.}},
	title       = {Shader Development},
	year        = {2018},
	url         = {http://api.unrealengine.com/INT/Programming/Rendering/ShaderDevelopment/index.html},
	urldate     = {2018-10-23},
	hyphenation = {english},
}

@online{epic2018DetailTextures,
	author = {{Epic Games, Inc.}},
	title = {Adding Detail Textures},
	year = {2018},
	url={https://docs.unrealengine.com/en-us/Engine/Rendering/Materials/HowTo/DetailTexturing},
	urldate = {2018-03-10},
	hyphenation={english}
}

@online{epic2018textureMasks,
	author = {{Epic Games, Inc.}},
	title = {Using Texture Masks},
	year = {2018},
	url = {https://docs.unrealengine.com/en-us/Engine/Rendering/Materials/HowTo/Masking},
	urldate = {2018-03-10},
	hyphenation={english}
}

@online{epic2018physicalMaterial,
	author = {{Epic Games, Inc.}},
	title = {Physically Based Materials},
	year = {201},
	url = {https://docs.unrealengine.com/en-us/Engine/Rendering/Materials/PhysicallyBased},
	urldate = {2018-05-12},
	hyphenation={english}
}

@online{epic2018assetVsInstance,
	author = {{Epic Games, Inc.}},
	title = {Asset vs. Instance},
	year = {2018},
	url={https://docs.unrealengine.com/en-us/Engine/UI/LevelEditor/Modes/MeshPaintMode/VertexColor/AssetVsInstance},
	urldate = {2018-05-18},
	hyphenation={english}
}

@online{epic2018decalActor,
	author = {{Epic Games, Inc.}},
	title = {Decal Actor User Guide},
	year = {2018},
	url ={https://docs.unrealengine.com/en-us/Engine/Actors/DecalActor},
	urldate = {2018-05-18},
	hyphenation={english}
}

@online{epic2017bestPractice,
	author = {{Epic Games, Inc.}},
	title = {Virtual Reality Best Practices},
	year = {2017},
	url = {https://docs.unrealengine.com/en-us/Platforms/VR/ContentSetuapp},
	urldate = {2018-03-10},
	hyphenation={english}
}

@online{epic2017materialDef,
	author = {{Epic Games, Inc.}},
	title = {Shaders and Materials},
	year = {2018},
	url = {https://docs.unrealengine.com/en-US/Programming/Rendering/ShaderDevelopment},
	urldate = {2018-10-22},
	hyphenation={english}
}


@online{ue2018Hlsl,
	author = {{Epic Games, Inc.}},
	title = {HLSL Shaders},
	year = {2018},
	url = {https://wiki.unrealengine.com/HLSL_Shaders},
	urldate = {2018-06-01},
	hyphenation={english}
}