% Encoding: UTF-8
###################### books ################################
@book{engel2016gpu,
  title=			{GPU Pro 7: Advanced Rendering Techniques},
  author=			{Engel, Wolfgang},
  year=				{2016},
  publisher=		{Crc Press},
  edition = 		{1},
  location =		{Boca Raton},
  hyphenation=		{english}
}

@book{gregory2015game,
	title=		{Game Engine Architecture},
	author=		{Gregory, Jason},
	year		={2015},
	publisher=	{CRC Press},
	location =	{Boca Raton},
	edition = 	{2},
	hyphenation={english}
}

@book{mccaffrey2017unreal,
	title=			{Unreal Engine VR Cookbook},
	subtitle = 		{Developing Virtual Reality with UE4},
	author=			{McCaffrey, Mitch},
	year=			{2017},
	publisher=		{Addison-Wesley Professional},
	location =		{Boston},
	hyphenation=	{english}
}

@book{birn2013digital,
	title=			{Digital Lighting and Rendering},
	author=			{Birn, Jeremy},
	year=			{2013},
	publisher=		{Pearson Education},
	edition = 		{3},
	location =		{London},
	hyphenation=	{english}
}

@book{jerald2015vr,
	title=			{The VR Book},
	subtitle = 		{Human-Centered Design for Virtual Eeality},
	author=			{Jerald, Jason},
	year=			{2015},
	publisher=		{Morgan \& Claypool},
	location =		{Williston},
	hyphenation=	{english}
}

@book{preisz2010video,
	title=		{Video Game Optimization},
	author=		{Preisz, Eric},
	year=		{2010},
	publisher=	{Cengage Learning},
	location=	{Boston},
	hyphenation={english}
}

@book{pharr2016physically,
	title=			{Physically Based Rendering},
	subtitle = 		{From Theory to Implementation},
	author=			{Pharr, Matt and Jakob, Wenzel and Humphreys, Greg},
	year=			{2016},
	publisher=		{Morgan Kaufmann},
	location= 		{Burlington},
	edition = 		{3},
	hyphenation=	{english}
}

@book{akenine2008real,
	title=		{Real-time Rendering},
	author=		{Akenine-M{\"o}ller, Tomas and Haines, Eric and Hoffman, Naty},
	year=		{2008},
	publisher=	{CRC Press},
	location =		{Boca Raton},
	edition = 	{3},
	hyphenation={english}
}


@book{sherman2002understanding,
	title			={Understanding Virtual Reality},
	subtitle = 		{Interface, Application, and Design},
	author=			{Sherman, William R and Craig, Alan B},
	year=			{2002},
	publisher=		{Elsevier},
	location = 		{Amsterdam},
	hyphenation=	{english}
}


@book{gamma1995design,
	title=		{Design Patterns: Elements of Reusable Object-Oriented Software},
	author=		{ Gamma, Erich and Vlissides, John and Johnson, Ralph and Helm, Richard },
	year=		{1994},
	publisher=	{Addison-Wesley},
	location=	{Boston},
	hyphenation={english}
}


@book{alexander1977pattern,
	title=			{A Pattern Language: Towns, Buildings, Construction},
	author=			{Alexander, Christopher},
	year=			{1977},
	publisher=		{Oxford University Press},
	location=		{New York},
	hyphenation=	{english}
}

@book{freeman2004head,
	title=			{Head First Design Patterns: A Brain-Friendly Guide},
	author=			{Freeman, Eric and Robson, Elisabeth and Bates, Bert and Sierra, Kathy},
	year=			{2004},
	publisher=		{O'Reilly Media, Inc.},
	location = 		{Newton},
	hyphenation=	{english}
}

@book{tidwell2010designing,
	title=			{Designing Interfaces: Patterns for Effective Interaction Design},
	author=			{Tidwell, Jenifer},
	year=			{2010},
	edition= 		{2},
	publisher=		{O'Reilly Media, Inc.},
	location = 		{Sebastopol},
	hyphenation=	{english}
}

@book{scott2009designing,
	title=			{Designing Web Interfaces: Principles and Patterns for Rich Interactions},
	author=			{Scott, Bill and Neil, Theresa},
	year=			{2009},
	publisher=		{O'Reilly Media, Inc.},
	location = 		{Newton},
	hyphenation=	{english}
}

@book{alexander1979timeless,
	title=		{The Timeless Way of Building},
	author=		{Alexander, Christopher},
	volume=		{1},
	year=		{1979},
	publisher=	{Oxford University Press},
	location = 	{New York},
	hyphenation={english}
}

@book{norman2016design,
	title=		{The design of everyday things},
	author=		{Norman, Don},
	year=		{2016},
	publisher=	{Verlag Franz Vahlen GmbH},
	hyphenation={english}
}

@book{nystrom2014game,
	title=			{Game Programming Patterns},
	author=			{Nystrom, Robert},
	year=			{2014},
	publisher=		{Genever Benning},
	hyphenation=	{english}
}

@book{lengyel2010game,
	title=			{Game Engine Gems 1},
	author=			{Lengyel, Eric},
	year=			{2010},
	publisher=		{CRC Press},
	hyphenation=	{english}
}

@book{fernando2004gems,
	 title				={GPU Gems: Programming Techniques, Tips and Tricks for Real-Time Graphics},
	 author				={Fernando, Randima},
	 year 				={2004},
	 location 			={Boston},
	 publisher 			={Addison-Wesley Professional},
	 howpublished 		={Nvidia Developer Website},
	 hyphenation		={english}
}



######### EBook
@book{dickinson2015unity,
	title=			{Unity 2017 Game Optimization},
	subtitle = 		{Optimize all aspects of Unity performance},
	author=			{Dickinson, Chris},
	year=			{2017},
	publisher=		{Packt Publishing Ltd},
	edition = 		{2},
	hyphenation=	{english}
}
