
################ Articles ##########################
@article{dutton2013correctly,
	title={Correctly and accurately combining normal maps in 3D engines},
	author={Dutton, Christopher},
	journal={The Computer Games Journal},
	volume={2},
	number={1},
	pages={41--54},
	year={2013},
	publisher={Springer}
}

@article{estevez2017production,
	author       = {Estevez, Alejandro Conty and Kulla, Christopher},
	title        = {Production Friendly Microfacet Sheen BRDF},
	journal      = {Technical Report: Sony Imageworks},
	year         = {2017},
	url          = {https://blog.selfshadow.com/publications/s2017-shading-course/imageworks/s2017_pbs_imageworks_sheen.pdf},
	location 	 = {Boca Raton},
	hyphenation  = {english},
	organization = {ACM},
}

@article{karis2013real,
	title=			{Real Shading in Unreal Engine 4},
	author=			{Karis, Brian and {Games, Epic}},
	journal = 		{SIGGRAPH Physically Based Shading in
	Theory and Practice course},
	year=			{2013},
	month= 			{7},
	pages={621--635},
	hyphenation=	{english},
	url= 	{https://blog.selfshadow.com/publications/s2013-shading-course/}
}

@article{jakob2014comprehensive,
	title		={A Comprehensive Framework for Rendering Layered Materials},
	author		={Jakob, Wenzel and d'Eon, Eugene and Jakob, Otto and Marschner, Steve},
	journal		={ACM Transactions on Graphics},
	volume		={33},
	number		={4},
	article		={118},
	pages 		={118:1--118:14},
	year		={2014},
	publisher	={ACM},
}

@article{jakob2018labratory,
	title			={The Layer Laboratory: A Calculus for Additive and Subtractive Composition of Anisotropic Surface Reflectance},
	author			={Zeltner, Tizian and Jakob, Wenzel},
	journal			={ACM Transactions on Graphics (TOG)},
	volume			={37},
	number			={4},
	pages 			={74:1--74:14},
	article			={74},
	year			={2018},
	location 		={New York},
	publisher		={ACM},
	hyphenation 	={english},
}

@article{kime2017paragonsummit,
	author =   {Kime, Mike},
	title =    {Character Art Pipeline for Paragon},
	url = {https://replay.unrealsummit.co.kr/data/summit2017/unrealsummit004.pdf},
	year = {2017},
	month = {04},
	venue = {Seoul},
}

@article{neubelt2013crafting,
	title			={Crafting a Next-Gen Material Pipeline for The Order: 1886},
	author			={Neubelt, David and Pettineo, Matt and Studios, Ready At Dawn},
	journal			={Physically Based Shading in Theory and Practice},
	url	={https://blog.selfshadow.com/publications/s2013-shading-course/rad/s2013_pbs_rad_slides.pdf},
	year			={2013},
	publisher		={Citeseer},
}

################ PAPERS ###############################
@inproceedings{van2003pattern,
  title={Pattern Languages in Interaction Design: Structure and Organization},
  author={Van Welie, Martijn and Van der Veer, Gerrit C},
  booktitle={Proceedings of interact},
  volume={3},
  pages={1--5},
  year={2003},
  hyphenation={english},
}

@inproceedings{borchers2000pattern,
	title={A pattern approach to interaction design},
	author={Christophe, Hery and Ryusuke, Villemin and Junyi, Ling},
	booktitle={Proceedings of the 3rd conference on Designing interactive systems: processes, practices, methods, and techniques},
	pages={369--378},
	year={2000},
	organization={ACM},
	hyphenation={english}
}

@inproceedings{weidlich2011thinking,
	title		={Thinking in layers: modeling with layered materials},
	author		={Weidlich, Andrea and Wilkie, Alexander},
	booktitle	={SIGGRAPH Asia 2011 Courses},
	url 		={https://dl.acm.org/citation.cfm?id=2077450},
	number 		={20},
	year		={2011},
	venue 		={Hong Kong},
	location 	={New York},
	organization={ACM},
	hyphenation	={english}
}


@inproceedings{colin2017GearsOfWar,
	title       = {Gears of War 4: Creating a Layered Material System for 60fps},
  	author      = {Penty, Colin and Wong, Ian},
 	booktitle   = {ACM SIGGRAPH 2017 Talks},
 	year        = {2017},
  	publisher   = {ACM},
  	month 		= {07},
  	pages 		= {1-2},
  	urldate     = {2018-11-06},
  	journal     = {CM SIGGRAPH 2017 Talks},
  	article 	= {37},
  	url 		= {https://dl.acm.org/citation.cfm?id=3085026&dl=ACM&coll=DL}
  	
}




@inproceedings{jakob2015layerlab, 
	author = {Wenzel Jakob}, 
	title = {layerlab: A computational toolbox for layered materials}, 
	booktitle = {SIGGRAPH 2015 Courses}, 
	url = {https://rgl.epfl.ch/publications/Jakob2015Layerlab},
	series = {SIGGRAPH '15}, 
	year = {2015}, 
	publisher = {ACM}, 
	doi = {10.1145/2776880.2787670}, 
	address = {New York, NY, USA}, }

@inproceedings{laurent2018efficient,
  author      	= {Belcour, Laurent},
  title       	= {Efficient Rendering of Layered Materials using an Atomic Decomposition with Statistical Operators},
  booktitle    	= {ACM Transactions on Graphics},
  article 		= {73},
  volume 		= {37},
  number 		= {4},
  pages 		= {73:1--73:15},
  year          = {2018},
  
  organization  = {ACM},
  month         = {05},
}

	
@inproceedings{weidlich2007arbitrarily,
	title={Arbitrarily layered micro-facet surfaces},
	author={Weidlich, Andrea and Wilkie, Alexander},
	booktitle={Proceedings of the 5th international conference on Computer graphics and interactive techniques in Australia and Southeast Asia},
	pages={171--178},
	year={2007},
	organization={ACM}
}


@InProceedings{burley2012physically,
	author      = {Burley, Brent},
	title       = {Physically-Based Shading at Disney},
	booktitle   = {Practical Physically Based Shading in Film and Game Production},
	year        = {2012},
	editor      = {McAuley, Stephen and Hill, Stephen and Hoffman, Naty},
	venue       = {Los Angeles},
	volume      = {2012},
	article     = {10},
	publisher   = {ACM SIGGRAPH},
	location    = {New York},
	pages       = {1--7},
	hyphenation = {english},
}




################### FMX Talks #############################

@unpublished{weidlich2018weta,
	title 			= {Thinking in Layers - Material Modelling in a Modern Rendering Pipeline},
 	Author 			= {Weidlich, Andrea},
	howpublished 	= {FMX conference},
	Year 			= {2018},
	venue 			= {Stuttgart},
	month 			= {04},
	day 			= {25},
	url				= {https://fmx.de/program2018/event/12874},
	hyphenation		= {english},
}





@Comment{jabref-meta: databaseType:biblatex;}
