% Encoding: UTF-8
############ Source Files ###################
@software{epic2018agora,
	author =   {{Epic Games, Inc.}},
	title =    {Paragon: Agora and Monolith Environment},
	howpublished = {\url{https://www.unrealengine.com/marketplace/paragon-agora-and-monolith-environment}},
	year = {2018},
	month = {03},
	day = {09}
}

@software{epic2018chrunch,
	author =   {{Epic Games, Inc.}},
	title =    {Paragon: Crunch},
	howpublished = {\url{https://www.unrealengine.com/marketplace/paragon-crunch}},
	year = {2018},
	month = {03},
	day = {09}
}

@software{epic2018soul,
	author =   {{Epic Games, Inc.}},
	title =    {Soul: City},
	howpublished = {\url{https://www.unrealengine.com/marketplace/soul-city}},
	year = {2018},
	month = {01},
	day = {23}
}

@software{epic2016automotive,
	author =   {{Epic Games, Inc.}},
	title =    {Automotive Material},
	howpublished = {\url{https://www.unrealengine.com/marketplace/automotive-material-pack}},
	year = {2016},
	month = {09},
	day = {01}
}



@software{epic2018infinity,
	author =   {{Epic Games, Inc.}},
	title =    {Infinity Blade: Grass Lands},
	howpublished = {\url{https://www.unrealengine.com/marketplace/infinity-blade-plain-lands}},
	year = {2015},
	month = {09},
	day = {09}
}

@software{epic2015openworld,
	author =   {{Epic Games, Inc.}},
	title =    {Open World Demo Collection},
	howpublished = {\url{https://www.unrealengine.com/marketplace/open-world-demo-collection}},
	year = {2015},
	month = {04},
	day = {02}
}




########### Software
@software{maya2018,
	author={{Autodesk, Inc.}},
	title={Maya},
	publisher={{Autodesk, Inc.}},
	year={2018},
	hyphenation={english}
}

@software{ue2018software,
	author={{Epic Games, Inc.}},
	title={Unreal Engine 4},
	publisher={{Epic Games, Inc.}},
	year={2018},
	hyphenation={english}
}

@software{unity2018software,
	author={{Unity Technologies}},
	title={Unity},
	publisher={{Unity Technologies}},
	year={2018},
	hyphenation={english}
}

@software{blender2018software,
	author={{Blender Foundation}},
	title={Blender},
	publisher={{Blender Foundation}},
	year={2018},
	hyphenation={english}
}

@software{substance2018software,
	author={{Allegorithmic, Inc.}},
	title={Substance Painter},
	publisher={{Allegorithmic, Inc.}},
	year={2018},
	hyphenation={english}
}

########### Game  Software
@software{gears2016coalition,
	author={{The Coalition}},
	title={Gears of War 4},
	publisher={{Microsoft Studios}},
	year={2016},
	howpublished={Microsoft Windows, Xbox One},
	hyphenation={english}
}

@software{naugthy2016uncharted,
	author = 		{{Naughty Dog}},
	title = 		{Uncharted 4: A Thief's End},
	howpublished = 	{[CD-ROM]},
	year = 			{2016},
}

@software{order2015readyatdawns,
	author=		{{Ready at Dawn and SCE Santa Monica Studio}},
	title=		{The Order: 1886},
	publisher=	{{Sony Computer Entertainment}},
	year=		{2016},
	howpublished={PlayStation 4},
	hyphenation={english}
}

@software{witcher2015cdproject,
	author={{CD Project RED}},
	title={The Witcher 3: Wild Hunt},
	publisher={{CD Project}},
	howpublished={Microsoft Windows
	PlayStation 4
	Xbox One},
	year={2015},
	hyphenation={english}
}

@software{paragon2016epic,
	author={{Epic Games, Inc.}},
	title={Paragon},
	publisher={{Epic Games, Inc.}},
	year={2016},
	howpublished={Microsoft Windows, PlayStation 4},
	hyphenation={english}
}

@software{letzteWorte2019game,
	author={{Patscheider, Matthias and Povolny, Samantha and Zankl, Bianca}},
	title={Letzte Worte},
	publisher={{Letzte Worte}},
	year={2019},
	howpublished={HTC Vive, Oculus Rift},
	hyphenation={german}
}

@software{bookofdead2018,
	author =   {Efremov, Veselin and Rasheva, Silvia and Laedre, Torbjorn},
	title =    {Book of the Dead},
	howpublished = {\url{https://assetstore.unity.com/packages/essentials/tutorial-projects/book-of-the-dead-environment-121175}},
	year = {2018},
	month = {01},
}

@software{fontainebleu2018,
	author =   {{Unity, Inc.}},
	title =    {Fontainebleau},
	subtitle = {Photogrammetry Demo Project},
	howpublished = {\url{https://drive.google.com/file/d/1qwjyjlG1Ys8engyaPR_XCb3o7Pgz9t5K/view}},
	year = {2018},
}